@misc{stacks-project,
  author       = {The {Stacks project authors}},
  title        = {The Stacks project},
  howpublished = {\url{https://stacks.math.columbia.edu}},
  year         = {2023},
  shorthand = {Stacks}
}

@book{HTT,
 author = {Lurie, Jacob},
 title = {Higher topos theory},
 fseries = {Annals of Mathematics Studies},
 series = {Ann. Math. Stud.},
 volume = {170},
 isbn = {978-0-691-14049-0; 978-0-691-14048-3},
 year = {2009},
 publisher = {Princeton, NJ: Princeton University Press},
 language = {English},
 doi = {10.1515/9781400830558},
 keywords = {18-02,18B25,18G30,18G55,18F20},
 zbMATH = {5497319},
 Zbl = {1175.18001},
 shorthand = {Lur09}
}

@misc{kerodon,
  author       = {Jacob Lurie},
  title        = {Kerodon},
  howpublished = {\url{https://kerodon.net}},
  year         = {2025},
  shorthand = {Lur25}
}

@article{BHL,
 author = {Bhatt, Bhargav and Halpern-Leistner, Daniel},
 title = {Tannaka duality revisited},
 fjournal = {Advances in Mathematics},
 journal = {Adv. Math.},
 issn = {0001-8708},
 volume = {316},
 pages = {576--612},
 year = {2017},
 language = {English},
 doi = {10.1016/j.aim.2016.08.040},
 keywords = {14A20,14F05},
 zbMATH = {6755315},
 Zbl = {1401.14013},
 shorthand = {BHL17}
}

@misc{StefanichTD,
      title={Tannaka duality and 1-affineness}, 
      author={Germán Stefanich},
      year={2023},
      eprint={2311.04515},
      archivePrefix={arXiv},
      primaryClass={math.AG},
      url={https://arxiv.org/abs/2311.04515}, 
      shorthand = {Ste23}
}

@misc{benbassat2023frechetmodulesdescent,
      title={Fr\'echet Modules and Descent}, 
      author={Oren Ben-Bassat and Kobi Kremnizer},
      year={2023},
      eprint={2002.11608},
      archivePrefix={arXiv},
      primaryClass={math.FA},
      url={https://arxiv.org/abs/2002.11608}, 
}

@article{Balmer,
 author = {Balmer, Paul},
 title = {The spectrum of prime ideals in tensor triangulated categories},
 fjournal = {Journal f{\"u}r die Reine und Angewandte Mathematik},
 journal = {J. Reine Angew. Math.},
 issn = {0075-4102},
 volume = {588},
 pages = {149--168},
 year = {2005},
 language = {English},
 doi = {10.1515/crll.2005.2005.588.149},
 keywords = {18E30,14A22,14L15,16E30,55P42,20C20,20J06},
 url = {citeseerx.ist.psu.edu/viewdoc/summary?doi=10.1.1.236.5014},
 zbMATH = {2235898},
 Zbl = {1080.18007},
 shorthand = {Bal05}
}

@misc{AokiPrL,
      title={Higher presentable categories and limits}, 
      author={Ko Aoki},
      year={2025},
      eprint={2510.13503},
      archivePrefix={arXiv},
      primaryClass={math.CT},
      url={https://arxiv.org/abs/2510.13503}, 
      shorthand = {Aok25}
}

@misc{StefanichPrL,
      title={Presentable $(\infty, n)$-categories}, 
      author={Germán Stefanich},
      year={2020},
      eprint={2011.03035},
      archivePrefix={arXiv},
      primaryClass={math.AT},
      url={https://arxiv.org/abs/2011.03035}, 
      shorthand = {Ste20}
}

@misc{AnalyticStacks,
  author = {Clausen, Dustin and Scholze, Peter},
  title = {Lectures on Analytic Stacks},
  year = {2023},
  url = {https://youtube.com/playlist?list=PLx5f8IelFRgGmu6gmL-Kf_Rl_6Mm7juZO&si=aEs5GIFUAu4PW_i0},
  note = {Lecture notes from a course at the Universit\"{a}t Bonn, Winter 2023-24},
  shorthand = {CS23}
}

@article{MatthewDescendability,
 author = {Mathew, Akhil},
 title = {The {Galois} group of a stable homotopy theory},
 fjournal = {Advances in Mathematics},
 journal = {Adv. Math.},
 issn = {0001-8708},
 volume = {291},
 pages = {403--541},
 year = {2016},
 language = {English},
 doi = {10.1016/j.aim.2015.12.017},
 keywords = {55P42,55P43,55U35,18G55},
 zbMATH = {6542258},
 Zbl = {1338.55009},
 shorthand = {Mat16}
}

@misc{ScholzeWildBetti,
      title={Wild Betti sheaves}, 
      author={Peter Scholze},
      year={2025},
      eprint={2505.24599},
      archivePrefix={arXiv},
      primaryClass={math.AG},
      url={https://arxiv.org/abs/2505.24599}, 
      shorthand = {Sch25}
}